@INPROCEEDINGS{BlanzVetter1999,
  author = {V. Blanz and T. Vetter},
  title = {A morphable model for the synthesis of {3D} faces},
  booktitle = {SIGGRAPH},
  year = {1999},
  pages = {187--194}
}



@article{kolda_bader_2009,
  author = {T. G. Kolda and B. W. Bader},
  title = {Tensor Decompositions and Applications},
  journal = {SIAM Review},
  month = {September},
  year = {2009},
  volume = {51},
  number = {3},
  pages = {455--500},
  doi = {10.1137/07070111X}
}


@article{elden_savas_2009,
  title={A Newton-Grassmann method for computing the best multilinear rank-$(R_1, R_2, R_3))$ approximation of a tensor},
  author={L. Eld{\'e}n and B. Savas},
  journal={SIAM Journal on Matrix Analysis and applications},
  volume={31},
  number={2},
  pages={248--271},
  year={2009},
  publisher={SIAM}
}

@article{IDLAVH09,
  author =   "M. Ishteva and L. {De Lathauwer} and P.-A. Absil and S. {Van Huffel}",
  title =   "Differential-geometric {N}ewton method for the best rank-{$(R_1,R_2,R_3)$} approximation of tensors",
  journal =   "Numerical Algorithms",
  year =   "2009",
  month =   "June",
  volume =   "51",
  number =   "2",
  pages =   "179--194",
  doi =   "10.1007/s11075-008-9251-2",
  note =   "Tributes to Gene H. Golub Part II",
}


@inproceedings{bolkart_wuhrer_2013,
  title={Statistical analysis of 3d faces in motion},
  author={T. Bolkart and S. Wuhrer},
  booktitle={3DV-Conference},
  pages={103--110},
  year={2013}
}

@incollection{vt_2002,
  title={Multilinear analysis of image ensembles: Tensorfaces},
  author={M. Vasilescu and O. Alex and D. Terzopoulos},
  booktitle={European Conferenece on Computer Vision},
  pages={447--460},
  year={2002},
  publisher={Springer}
}

@article{mpip,
  title={Bilinear models for 3-D face and facial expression recognition},
  author={I. Mpiperis and S. Malassiotis and M. G. Strintzis},
  journal={IEEE Transactions on Information Forensics and Security },
  volume={3},
  number={3},
  pages={498--511},
  year={2008},
  publisher={IEEE}
}

@article{dale,
  title={Video face replacement},
  author={K. Dale and  K. Sunkavalli and  M. K. Johnson and  D. Vlasic and  W. Matusik and H. Pfister},
  booktitle={ACM Transactions on Graphics},
  volume={30},
  number={6},
  pages={130},
  year={2011},
}


@article{bl_vet_2003,
  title={Face recognition based on fitting a 3D morphable model},
  author={V. Blanz and  T. Vetter},
  journal={IEEE Transactions on Pattern Analysis and Machine Intelligence},
  volume={25},
  number={9},
  pages={1063--1074},
  year={2003}%,
  %publisher={IEEE}
}



@article{absil_2009,
 author = {P.-A. Absil and M. Ishteva and L. {De Lathauwer}, and  S. {Van Huffel}},
 title = {A Geometric {N}ewton Method for {O}ja's Vector Field},
 journal = {Neural Computation},
 issue_date = {May 2009},
 volume = {21},
 number = {5},
 month = may,
 year = {2009},
 issn = {0899-7667},
 pages = {1415--1433},
 numpages = {19},
 publisher = {MIT Press}
} 


@techreport{adler_spine,
   title = "{N}ewton's method on {R}iemannian manifolds and a geometric model for the human spine",
   author = "R. L. Adler and J.-P. Dedieu and M. Shub and M. Martens",
   series = "Research reports/IBM research division",
   institution = "INRIA",
   number = "RC 21676",
   address = "Yorktown Heights",
   url = "http://opac.inria.fr/record=b1043276",
   year = 2000
}

@TECHREPORT{matrix_cookbook,
    author = {Kaare Brandt Petersen and Michael Syskind Pedersen and Jan Larsen and Korbinian Strimmer and Lars Christiansen and Kai Hansen and Liguo He and Loic Thibaut and Miguel Barão and Stephan Hattinger and Vasile Sima and We The},
    title = {The matrix cookbook},
    institution = {},
    year = {2006}
}


@techreport {armadillo_report,
  author = "C. Sanderson",
  month = "October",
  issn = "1833-9646-4314",
  year = "2010",
  title = "{A}rmadillo: An Open Source {C}++ Linear Algebra Library for Fast Prototyping and Computationally Intensive Experiments",
  address = "Australia",
  institution = "NICTA"
}


@misc{tensor_toolbox,
  author = {B. W. Bader and T. G. Kolda and others},
  title = {MATLAB Tensor Toolbox Version 2.5},
  howpublished = {Available online},
  month = {January},
  year = {2012},
  url = {http://www.sandia.gov/~tgkolda/TensorToolbox/}
}


@misc{tensor_lab,
  author = { L. Sorber and M. {Van Barel} and L. {De Lathauwer}},
  title = {Tensorlab v2.0},
  howpublished = {Available online},
  month = {January},
  year = {2014},
  url = {http://www.tensorlab.net/}
}

@book{lee_manifolds,
 author = {J. M. Lee},
 title = {Introduction to Smooth Manifolds},
 series = {Graduate Texts in Mathematics},
 year = {2003},
 publisher = {Springer}
} 

@article{tensors_np_hard,
 author = {C. J. Hillar and L.-H. Lim},
 title = {Most Tensor Problems Are {NP}-Hard},
 journal = {Journal of the ACM},
 volume = {60},
 number = {6},
 year = {2013},
 pages = {45:1--45:39}
}

@article{tensor_rank_np_complete,
title = "Tensor rank is {NP}-complete ",
journal = "Journal of Algorithms ",
volume = "11",
number = "4",
pages = "644 - 654",
year = "1990",
note = "",
issn = "0196-6774",
doi = "http://dx.doi.org/10.1016/0196-6774(90)90014-6",
url = "http://www.sciencedirect.com/science/article/pii/0196677490900146",
author = "J. Håstad"
}



@ARTICLE{sandbach_2012,
  author = {G. Sandbach and S. Zafeiriou and M. Pantic and L. Yin},
  title = {Static and dynamic {3D} facial expression recognition: A comprehensive
	survey},
  journal = {Image and Vision Computing},
  year = {2012},
  volume = {30},
  pages = {683–-697}
}


@incollection{tucker_63,
  author = {L. R. Tucker},
  booktitle = {{P}roblems in measuring change.},
  description = {papers on three-mode analysis},
  editor = {Harris, C. W.},
  pages = {122--137},
  publisher = {University of Wisconsin Press},
  title = {{I}mplications of factor analysis of three-way matrices for measurement of change},
  year = 1963
}


@ARTICLE{vlasic,
  author = {D. Vlasic and M. Brand and H. Pfister and J. Popovi\'{c}},
  title = {Face transfer with multilinear models},
  journal = {ACM Transactions on Graphics},
  year = {2005},
  volume = {24},
  pages = {426--433},
  number = {3}
}


@book{num_recipes,
 author = {W. H. Press and S. A. Teukolsky and W. T. Vetterling and B. P. Flannery},
 title = {Numerical Recipes in {C} (2Nd Ed.): The Art of Scientific Computing},
 year = {1992},
 isbn = {0-521-43108-5},
 publisher = {Cambridge University Press},
 address = {New York, NY, USA},
} 


@INPROCEEDINGS{BU_4DFE,
  author = {L. Yin and X. Chen and Y. Sun and T. Worm and M. Reale},
  title = {A high-resolution {3D} dynamic facial expression database},
  booktitle = {IEEE International Conference on Automatic Face and Gesture Recognition},
  year = {2008},
  pages = {1-6}
}

@INPROCEEDINGS{BU_3DFE,
  author = {L. Yin and X. Wei and Y. Sun and J. Wang and M.~J. Rosato},
  title = {A {3D} Facial Expression Database for Facial Behavior Research},
  booktitle = {IEEE International Conference on Automatic Face and Gesture Recognition},
  year = {2006},
  pages = {211--216}
}

@INPROCEEDINGS{Savran,
  author = {A. Savran and N. Alyuz and H. Dibeklioglu and O. Celiktutan and B. G\"{o}kberk and B. Sankur and L. Akarun},
  title = {Bosphorus database for {3D} face analysis},
  booktitle = {Biometrics and Identity Management},
  year = {2008},
  pages = {47--56}
}


@ARTICLE{Salazar,
  author = {A. Salazar and S. Wuhrer and C. Shu and F. Prieto},
  title = {Fully Automatic Expression-Invariant Face Correspondence},
  journal = {Machine Vision and Applications},
  year = {2013},
  pages = {1-21}
}


@PHDTHESIS{ishteva_thesis,
  author =   "M. Ishteva",
  title =   "Numerical methods for the best low multilinear rank approximation of higher-order tensors",
  school =   "Department of {E}lectrical {E}ngineering, {K}atholieke {U}niversiteit {L}euven, {B}elgium",
  year =   "2009",
  month =   "December",
}

@INPROCEEDINGS{Yang2012,
  author = {F. Yang and L. Bourdev and J. Wang and E. Shechtman and D. Metaxas},
  title = {Facial Expression Editing in Video Using a Temporally-Smooth Factorization},
  booktitle = {IEEE International Conference on Computer Vision and Pattern Recognition},
  year = {2012},
  pages = {861-868}
}

@ARTICLE{Yang_2011,
  author = {F. Yang and J. Wang and E. Shechtman and L. Bourdev and D. Metaxas},
  title = {Expression flow for {3D}-aware face component transfer},
  journal = {ACM Transactions on Graphics },
  year = {2011},
  volume = {30},
  pages = {60:1--10},
  number = {4}
}


@article{Tenenbaum_2000,
 author = {J. B. Tenenbaum and W. T. Freeman},
 title = {Separating Style and Content with Bilinear Models},
 journal = {Neural Computation},
 issue_date = {June 2000},
 volume = {12},
 number = {6},
 month = jun,
 year = {2000},
 pages = {1247--1283},
 publisher = {MIT Press},
 }
 
 
 @inproceedings{xu2008,
  title={A theoretical analysis of linear and multi-linear models of image appearance},
  author={Y. Xu and A. K. {Roy-Chowdhury}},
  booktitle={IEEE Conference on Computer Vision and Pattern Recognition},
  pages={1--8},
  year={2008},
  organization={IEEE}
}


@article{edelman_1998,
 author = { A. Edelman and T. A. {Arias} and S. T. Smith},
 title = {The Geometry of Algorithms with Orthogonality Constraints},
 journal={SIAM Journal on Matrix Analysis and Applications},
 issue_date = {April 1999},
 volume = {20},
 number = {2},
 month = apr,
 year = {1999},
 issn = {0895-4798},
 pages = {303--353},
} 

@article{kroonenberg,
  title={Principal component analysis of three-mode data by means of alternating least squares algorithms},
  author={P. M. Kroonenberg and J. De Leeuw},
  journal={Psychometrika},
  volume={45},
  number={1},
  pages={69--97},
  year={1980},
  publisher={Springer}
}


@article{de2000best,
  title={On the best rank-1 and rank-(R 1, R 2,..., Rn) approximation of higher-order tensors},
  author={L. De Lathauwer and B. De Moor and J. Vandewalle},
  journal={SIAM Journal on Matrix Analysis and Applications},
  volume={21},
  number={4},
  pages={1324--1342},
  year={2000},
  publisher={SIAM}
}


@INPROCEEDINGS{brunton_mwave,
  author={A. Brunton and T. Bolkart. and S. Wuhrer},
  title={Multilinear wavelets: A statistical shape space for human faces},
  booktitle = {European Conference on Computer Vision},
  year = {2014},
  pages={297-312}
}



@INPROCEEDINGS{Lim_singularvalues,
    author = {L.-H. Lim},
    title = {Singular values and eigenvalues of tensors: a variational approach},
    booktitle = {in CAMSAP2005: 1st IEEE International Workshop on Computational Advances in Multi-Sensor Adaptive Processing},
    year = {2005},
    pages = {129--132}
}

@article{kilmer_3rd,
  title={Third-order tensors as operators on matrices: A theoretical and computational framework with applications in imaging},
  author={M. E. Kilmer and K. Braman and N. Hao and R. C. Hoover},
  journal={SIAM Journal on Matrix Analysis and Applications},
  volume={34},
  number={1},
  pages={148--172},
  year={2013},
  publisher={SIAM}
}

@article{hao_kilmer,
  title={Facial recognition using tensor-tensor decompositions},
  author={N. Hao and M. E. Kilmer and K. Braman and R. C. Hoover},
  journal={SIAM Journal on Imaging Sciences},
  volume={6},
  number={1},
  pages={437--463},
  year={2013},
  publisher={SIAM}
}


@article{braman,
  title={Third-order tensors as linear operators on a space of matrices},
  author={K. Braman},
  journal={Linear Algebra and its Applications},
  volume={433},
  number={7},
  pages={1241--1253},
  year={2010},
  publisher={Elsevier}
}


@incollection{hao_horesh,
  title={Nonnegative Tensor Decomposition},
  author={N. Hao and L. Horesh and M. E. Kilmer},
  booktitle={Compressed Sensing \& Sparse Filtering},
  pages={123--148},
  year={2014},
  publisher={Springer}
}

@article{oseledets,
  title={Tensor-train decomposition},
  author={I. V. Oseledets},
  journal={SIAM Journal on Scientific Computing},
  volume={33},
  number={5},
  pages={2295--2317},
  year={2011},
  publisher={SIAM}
}


@article{badeau,
  title={Fast multilinear singular value decomposition for structured tensors},
  author={R. Badeau and R. Boyer},
  journal={SIAM Journal on Matrix Analysis and Applications},
  volume={30},
  number={3},
  pages={1008--1021},
  year={2008},
  publisher={SIAM}
}

@article{elden_krylov,
  title={Krylov subspace methods for tensor computations},
  author={B. Savas and L. Eld{\'e}n },
  journal={Techreport LiTH-MATR-2009-02-SE},
  year={2009}
}


@INPROCEEDINGS{Blanz2007,
  author = {V. Blanz and K. Scherbaum and H.-P. Seidel},
  title = {Fitting a morphable model to {3D} scans of faces},
  booktitle = {IEEE International Conference on Computer Vision},
  year = {2007}
}

@INPROCEEDINGS{PatelSmith2009,
  author = {A. Patel and W.A. Smith},
  title = {{3D} Morphable Face Models Revisited},
  booktitle = {IEEE International Conference on Computer Vision and Pattern Recognition},
  year = {2009},
  pages = {1327--1334}
}

@article{BolkartWuhrer2014,
title = "{3D} Faces in Motion: Fully Automatic Registration and Statistical Analysis",
journal = "Computer Vision and Image Understanding",
year = "2014",
author = "T. Bolkart and S. Wuhrer"
}
