% This file was created with JabRef 2.9.2.
% Encoding: Cp1252

@ARTICLE{Akhter2011,
  author = {I. Akhter and Y. Sheikh and S. Khan and T. Kanade},
  title = {Trajectory Space: A Dual Representation for Nonrigid Structure from
	Motion},
  journal = {IEEE Transactions on Pattern Analysis and Machine Intelligence},
  year = {2011},
  volume = {33},
  pages = {1442--1456},
  number = {7}
}

@ARTICLE{AldrianSmith2013,
  author = {O. Aldrian and W.A.P. Smith},
  title = {Inverse rendering of faces with a {3D} morphable model},
  journal = {IEEE Transactions on Pattern Analysis and Machine Intelligence},
  year = {2013},
  volume = {35},
  pages = {1080-1093},
  number = {5}
}

@ARTICLE{Allen2003,
  author = {Allen, B. and Curless, B. and Popovi\'{c}, Z.},
  title = {The space of human body shapes: reconstruction and parameterization
	from range scans},
  journal = {ACM Transactions on Graphics (Proc. SIGGRAPH)},
  year = {2003},
  volume = {22},
  pages = {587--594},
  number = {3}
}

@INPROCEEDINGS{Amberg2008,
  author = {B. Amberg and R. Knothe and T. Vetter},
  title = {Expression Invariant {3D} Face Recognition with a Morphable Model},
  booktitle = {IEEE International Conference on Automatic Face Gesture Recognition},
  year = {2008},
  pages = {1--6}
}

@INPROCEEDINGS{Amberg2009,
  author = {B. Amberg and P. Paysan and T. Vetter},
  title = {Weight, Sex, and Facial Expressions: On the Manipulation of Attributes
	in Generative {3D} Face Models},
  booktitle = {5th International Symposium on Advances in Visual Computing: Part
	I},
  year = {2009},
  pages = {875--885}
}

@ARTICLE{Amirav2013,
  author = {I. Amirav and A. S. Luder and A. Halamish and D. Raviv and R. Kimmel
	and D. Waisman and M. T. Newhouse},
  title = {Design of Aerosol Face Masks for Children Using Computerized {3D} Face
	Analysis},
  journal = {Journal of Aerosol Medicine and Pulmonary Drug Delivery},
  year = {2013},
  volume = {26},
  pages = {1-7},
  number = {0}
}

@INPROCEEDINGS{Anderson2013,
  author = {R. Anderson and B. Stenger and V. Wan and R. Cipolla},
  title = {Expressive visual text-to-speech using active appearance models},
  booktitle = {IEEE International Conference on Computer Vision and Pattern Recognition},
  year = {2013}
}

@ARTICLE{Anguelov2005,
  author = {D. Anguelov and P. Srinivasan and D. Koller and S. Thrun and J. Rodgers
	and J. Davis},
  title = {SCAPE: Shape Completion and Animation of People},
  journal = {ACM Transactions on Graphics (Proc. SIGGRAPH)},
  year = {2005},
  volume = {24},
  pages = {408-416},
  number = {3}
}

@INPROCEEDINGS{Anguelov04,
  author = {D. Anguelov and P. Srinivasan and H. Pang and D. Koller},
  title = {The correlated correspondence algorithm for unsupervised registration
	of nonrigid surfaces},
  booktitle = {In Advances in Neural Information Processing Systems},
  year = {2005},
  pages = {17:33--40}
}

@MISC{ANN,
  author = {ANN},
  note = {\url{http://www.cs.umd.edu/~mount/ANN/}}
}

@INPROCEEDINGS{Azouz2006,
  author = {Z.B. Azouz and C. Shu and A. Mantel},
  title = {Automatic locating of anthropometric landmarks on {3D} human models},
  booktitle = {Third International Symposium on {3D} Data Processing, Visualization,
	and Transmission (3DPVT)},
  year = {2006}
}

@INPROCEEDINGS{BalanBlack2008,
  author = {B\u{a}lan, A. O. and Black, M. J.},
  title = {The Naked Truth: Estimating Body Shape Under Clothing},
  booktitle = {10th European Conference on Computer Vision: Part II (ECCV)},
  year = {2008},
  pages = {15--29}
}

@ARTICLE{Balkhyour2013,
  author = {M. A. Balkhyour},
  title = {Evaluation of Full-Facepiece Respirator Fit on Fire Fighters in the
	Municipality of {Jeddah}, {Saudi Arabia}},
  journal = {International Journal of Environmental Research and Public Health},
  year = {2013},
  volume = {10},
  pages = {347--360},
  number = {1}
}

@ARTICLE{Beeler2010,
  author = {T. Beeler and B. Bickel and P. Beardsley and B. Sumner and M. Gross},
  title = {High-quality single-shot capture of facial geometry},
  journal = {ACM Transactions on Graphics (Proc. SIGGRAPH)},
  year = {2010},
  volume = {29},
  pages = {40:1--40:9},
  number = {4}
}

@ARTICLE{Beeler2011,
  author = {T. Beeler and F. Hahn and D. Bradley and B. Bickel and P. Beardsley
	and C. Gotsman and R.~W. Sumner and M. Gross},
  title = {High-quality passive facial performance capture using anchor frames},
  journal = {ACM Transactions on Graphics (Proc. SIGGRAPH)},
  year = {2011},
  volume = {30},
  pages = {75:1--75:10},
  number = {4}
}

@ARTICLE{Berretti2011,
  author = {S. Berretti and B. Ben Amor and M. Daoudi and A. Bimbo},
  title = {{3D} facial expression recognition using SIFT descriptors of automatically
	detected keypoints},
  journal = {The Visual Computer},
  year = {2011},
  volume = {27},
  pages = {1021-1036},
  number = {11},
  publisher = {Springer-Verlag}
}

@ARTICLE{Bickel2012,
  author = {B. Bickel and P. Kaufmann and M. Skouras and B. Thomaszewski and
	D. Bradley and T. Beeler and P. Jackson and S. Marschner and W. Matusik
	and M. Gross},
  title = {Physical face cloning},
  journal = {ACM Transactions on Graphics (Proc. SIGGRAPH)},
  year = {2012},
  volume = {31},
  pages = {118:1--118:10},
  number = {4}
}

@INPROCEEDINGS{Blanz2007,
  author = {Blanz, V. and Scherbaum, K. and Seidel, H.-P.},
  title = {Fitting a morphable model to {3D} scans of faces},
  booktitle = {IEEE International Conference on Computer Vision},
  year = {2007}
}

@INPROCEEDINGS{BlanzVetter1999,
  author = {V. Blanz and T. Vetter},
  title = {A morphable model for the synthesis of {3D} faces},
  booktitle = {SIGGRAPH},
  year = {1999},
  pages = {187--194}
}

@MISC{StatisticalFaceModelsCode2013,
  author = {T. Bolkart and A. Brunton and A. Salazar and S. Wuhrer},
  title = {Statistical {3D} Shape Models of Human Faces},
  year = {2013},
  note = {\url{http://statistical-face-models.mmci.uni-saarland.de/}}
}

@INPROCEEDINGS{BolkartWuhrer2013,
  author = {T. Bolkart and S. Wuhrer},
  title = {Statistical Analysis of {3D} Faces in Motion},
  booktitle = {3D Vision},
  year = {2013},
	pages = {103-110}
}

@article{BolkartWuhrer2014,
title = "{3D} Faces in Motion: Fully Automatic Registration and Statistical Analysis",
journal = "Computer Vision and Image Understanding (CVIU)",
year = "2014",
author = "T. Bolkart and S. Wuhrer"
}

@ARTICLE{Bouaziz2013,
  author = {S. Bouaziz and Y. Wang and M. Pauly},
  title = {Online modeling for realtime facial animation},
  journal = {ACM Transactions on Graphics (Proc. SIGGRAPH)},
  year = {2013},
  volume = {32},
  pages = {40:1--40:10},
  number = {4}
}

@ARTICLE{Bradley2010,
  author = {D. Bradley and W. Heidrich and T. Popa and A. Sheffer},
  title = {High resolution passive facial performance capture},
  journal = {ACM Transactions on Graphics (Proc. SIGGRAPH)},
  year = {2010},
  volume = {29},
  pages = {41:1--41:10},
  number = {4}
}

@INPROCEEDINGS{Brunton2011,
  author = {A. Brunton and C. Shu and J. Lang and E. Dubois},
  title = {Wavelet Model-based Stereo for Fast, Robust Face Reconstruction},
  booktitle = {Eighth Canadian Conference on Computer and Robot Vision},
  year = {2011}
}

@INPROCEEDINGS{Brunton2014,
  author={A. Brunton and T. Bolkart. and S. Wuhrer},
  title={Multilinear wavelets: A statistical shape space for human faces},
  booktitle = {13th European Conference on Computer Vision: Part II (ECCV)},
  year = {2014},
  pages={297-312}
}

@article{Brunton2014_Review,
title = "Review of statistical shape spaces for {3D} data with comparative analysis for human faces ",
journal = "Computer Vision and Image Understanding (CVIU)",
volume = "128",
number = "0",
pages = "1 - 17",
year = "2014",
author = "A. Alan and A. Salazar and T. Bolkart and S. Wuhrer"
}


@article{Burghard2013,
  author    = {O. Burghard and A. Berner and M. Wand and N. J. Mitra and H.{-}P. Seidel and R. Klein},
  title     = {Compact Part-Based Shape Spaces for Dense Correspondences},
  journal   = {CoRR},
  year      = {2013},
  volume    = {abs/1311.7535},
}

@ARTICLE{Cand�s2008,
author={E.J. Cand�s  and M.B. Wakin and S.P. Boyd},
title={Enhancing Sparsity by Reweighted $l_1$ Minimization},
journal={Journal of Fourier Analysis and Applications},
year={2008},
volume={14},
number={5-6},
pages={877-905}
}


@ARTICLE{Cao2013,
  author = {C. Cao and Y. Weng and S. Lin and K. Zhou},
  title = {{3D} shape regression for real-time facial animation},
  journal = {ACM Transactions on Graphics (Proc. SIGGRAPH)},
  year = {2013},
  volume = {32},
  pages = {41:1--41:10},
  number = {4}
}

@ARTICLE{CashmanFitzgibbon2013,
  author = {T. J. Cashman and A. W. Fitzgibbon},
  title = {What Shape Are Dolphins? Building {3D} Morphable Models from 2D Images},
  journal = {IEEE Transactions on Pattern Analysis and Machine Intelligence},
  year = {2013},
  volume = {35},
  pages = {232-244},
  number = {1}
}

@ARTICLE{CashmanHormann2012,
  author = {T. J. Cashman and K. Hormann},
  title = {A continuous, editable representation for deforming mesh sequences
	with separate signals for time, pose and shape},
  journal = {Computer Graphics Forum},
  year = {2012},
  volume = {31},
  pages = {735--744}
}

@ARTICLE{Chen_Spec2Fab_2013,
  author = {D. Chen and D. I. W. Levin and P. Didyk and P. Sitthi-Amorn and W.
	Matusik},
  title = {Spec2Fab: A Reducer-tuner Model for Translating Specifications to
	{3D} Prints},
  journal = {ACM Transactions on Graphics (Proc. SIGGRAPH)},
  year = {2013},
  volume = {32},
  pages = {135:1--135:10},
  number = {4}
}

@INPROCEEDINGS{Chen_TenBo_2013,
  author = {Y. Chen and Z. Liu and Z. Zhang},
  title = {Tensor-Based Human Body Modeling},
  booktitle = {IEEE International Conference on Computer Vision and Pattern Recognition},
  year = {2013}
}

@inproceedings{Chen2010,
 author = {J.-H. Chen and K. C. Zheng and L. G. Shapiro},
 title = {{3D} Point Correspondence by Minimum Description Length in Feature Space},
 booktitle = {11th European Conference on Computer Vision: Part III (ECCV)},
 year = {2010},
 pages = {621--634}
} 

@ARTICLE{Creusot2013,
  author = {C. Creusot and N. Pears and J. Austin},
  title = {A Machine-Learning Approach to Keypoint Detection and Landmarking
	on {3D} Meshes},
  journal = {International Journal of Computer Vision},
  year = {2013},
  volume = {102},
  pages = {146--179},
  number = {1-3}
}

@INPROCEEDINGS{Creusot2011,
  author = {C. Creusot and N. Pears and J. Austin},
  title = {Automatic Keypoint Detection on {3D} Faces Using a Dictionary of
	Local Shapes},
  booktitle = {International Conference on {3D} Imaging, Modeling, Processing, Visualization
	and Transmission (3DIMPVT)},
  year = {2011},
  pages = {204--211}
}

@ARTICLE{Dale2011,
  author = {K. Dale and K. Sunkavalli and M.~K. Johnson and D. Vlasic and W.
	Matusik and H. Pfister},
  title = {Video face replacement},
  journal = {ACM Transactions on Graphics (Proc. SIGGRAPH Asia)},
  year = {2011},
  volume = {30},
  pages = {130:1--10},
  number = {6}
}

@ARTICLE{Davies2010,
author={R.H. Davies and C.J. Twining and T.F. Cootes and C.J. Taylor},
journal={Medical Imaging, IEEE Transactions on},
title={Building 3-D Statistical Shape Models by Direct Optimization},
year={2010},
volume={29},
number={4},
pages={961-981}
}

@BOOK{StatisticalModelsOfShape2008,
  title = {Statistical Models of Shape: Optimisation and Evaluation},
  publisher = {Springer},
  year = {2008},
  author = {R. Davies and C. Twining and C. Taylor}
}

@ARTICLE{Ding2013,
  author = {L. Ding and X. Ding and C. Fang},
  title = {{3D} face sparse reconstruction based on local linear fitting},
  journal = {The Visual Computer},
  year = {2013},
  pages = {1-12},
  publisher = {Springer-Verlag}
}

@article{Elden2009,
 author = {L. Eld{\'e}n and B. Savas},
 title = {A Newton-Grassmann Method for Computing the Best Multilinear Rank-$(R_1,$ $R_2,$ $R_3)$ Approximation of a Tensor},
 journal = {SIAM Journal on Matrix Analysis and Applications},
 volume = {31},
 number = {2},
  year = {2009},
  pages = {248--271}
 } 


@INPROCEEDINGS{Fang2011,
  author = {T. Fang and Z. Xi and S.~K. Shah and I.~A. Kakadiaris},
  title = {4D Facial Expression Recognition},
  booktitle = {IEEE International Conference on Computer Vision (ICCV)},
  year = {2011},
  pages = {1594--1601}
}

@ARTICLE{Fang2012,
  author = {T. Fang and X. Zhao and O. Ocegueda and S. K. Shah and I. A. Kakadiaris},
  title = {{3D}/{4D} facial expression analysis: An advanced annotated face
	model approach},
  journal = {Image and Vision Computing},
  year = {2012},
  volume = {30},
  pages = {738--749},
  number = {10}
}

@ARTICLE{FischlerBolles1981,
  author = {M.~A. Fischler and R.~C. Bolles},
  title = {Random sample consensus: a paradigm for model fitting with applications
	to image analysis and automated cartography},
  journal = {Communications of the ACM},
  year = {1981},
  volume = {24},
  pages = {381--395},
  number = {6}
}

@article{Gollmer2014,
title = "Using image segmentation for evaluating {3D} statistical shape models built with groupwise correspondence optimization ",
journal = "Computer Vision and Image Understanding ",
volume = "125",
number = "0",
pages = "283 - 303",
year = "2014",
author = "S. T. Gollmer and M. Kirschner and T. M. Buzug and S. Wesarg",
}


@ARTICLE{Golovinskiy2006,
  author = {A. Golovinskiy and W. Matusik and H. Pfister and S. Rusinkiewicz
	and T. Funkhouser},
  title = {A statistical model for synthesis of detailed facial geometry},
  journal = {ACM Transactions on Graphics (Proc. SIGGRAPH)},
  year = {2006},
  volume = {25},
  pages = {1025--1034},
  number = {3}
}

@INPROCEEDINGS{Guan2009,
  author = {Guan, P. and Weiss, A. and Balan, A. and Black, M. J.},
  title = {Estimating human shape and pose from a single image},
  booktitle = {International Conference on Computer Vision (ICCV)},
  year = {2009},
  pages = {1381--1388}
}

@ARTICLE{Guo2013,
  author = {J. Guo and X. Mei and K. Tang},
  title = {Automatic landmark annotation and dense correspondence registration
	for {3D} human facial images},
  journal = {BMC Bioinformatics},
  year = {2013},
  volume = {14},
  number = {1}
}

@ARTICLE{Hammond2008,
  author = {P. Hammond and C. Foster-Gibson and A. E. Chudley and J. E. Allanson
	and T. J. Hutton and S. A. Farrell and J. McKenzie and J. J. A. Holden
	and M. E. S. Lewis},
  title = {Face-brain asymmetry in autism spectrum disorders},
  journal = {Molecular Psychiatry},
  year = {2008},
  volume = {13},
  pages = {614--623},
  number = {6}
}

@INPROCEEDINGS{Hasler2010,
  author = {N. Hasler and H. Ackermann and B. Rosenhahn and T. Thorm{\"a}hlen
	and H.-P. Seidel},
  title = {Multilinear Pose and Body Shape Estimation of Dressed Subjects from
	Image Sets},
  booktitle = {IEEE Computer Society Conference on Computer Vision and Pattern Recognition},
  year = {2010},
  pages = {1823--1830}
}

@ARTICLE{Hasler2009,
  author = {N. Hasler and C. Stoll and M. Sunkel and B. Rosenhahn and H.-P. Seidel},
  title = {A statistical model of human pose and body shape},
  journal = {Computer Graphics Forum (Proc. Eurographics)},
  year = {2009},
  volume = {28},
  pages = {337-346},
  number = {2}
}

@ARTICLE{Hierl2013,
  author = {T. Hierl and S. Arnold and D. Kruber and F.-P. Schulze and H. H�mpfner-Hierl},
  title = {CAD-CAM-Assisted Esthetic Facial Surgery},
  journal = {Journal of Oral and Maxillofacial Surgery},
  year = {2013},
  volume = {71},
  pages = {e15-e23},
  number = {1}
}

@article{Hillar2013,
 author = {C. J. Hillar and L.-H. Lim},
 title = {Most Tensor Problems Are NP-Hard},
 journal = {Journal of the ACM},
 volume = {60},
 number = {6},
 year = {2013},
 pages = {45:1--45:39}
} 

@INPROCEEDINGS{Hirshberg2012,
  author={Hirshberg, D.A. and Loper, M. and Rachlin, E. and Black, M.J.},
  title={Coregistration: Simultaneous alignment and modeling of articulated {3D} shape},
  booktitle = {12th European Conference on Computer Vision - Part VI (ECCV)},
  year = {2012},
	pages={242-255}
}

@ARTICLE{Huang2012,
  author = {Y. Huang and X. Zhang and Y. Fan and L. Yin and L.
	Seversky and J. Allen and T. Lei and W. Dong},
  title = {Reshaping {3D} facial scans for facial appearance modeling and {3D}
	facial expression analysis },
  journal = {Image and Vision Computing},
  year = {2012},
  volume = {30},
  pages = {750 - 761},
  number = {10}
}

@ARTICLE{Ishteva2009,
	author={M. Ishteva and L. De Lathauwer and P.-A. Absil and S. Van Huffel},
	title={Differential-geometric newton method for the best rank-(R 1, R 2, R 3) approximation of tensors},
journal={Numerical Algorithms},
year={2009},
volume={51},
number={2},
pages={179-194}
}

@INPROCEEDINGS{JohnsonHebert1997,
  author = {A.~E. Johnson and M. Hebert},
  title = {Recognizing Objects by Matching Oriented Points},
  booktitle = {IEEE International Conference on Computer Vision and Pattern Recognition},
  year = {1997},
  pages = {684-692}
}

@ARTICLE{VanKaick2011,
  author = {O. van Kaick and H. Zhang and G. Hamarneh and D. Cohen-Or},
  title = {A Survey on Shape Correspondence},
  journal = {Computer Graphics Forum},
  year = {2011},
  volume = {30},
  pages = {1681--1707},
  number = {6}
}

@INPROCEEDINGS{Kakadiaris2005,
  author = {I.A. Kakadiaris and G. Passalis and T. Theoharis and G. Toderici
	and I. Konstantinidis and N. Murtuza},
  title = {Multimodal face recognition: combination of geometry with physiological
	information},
  booktitle = {IEEE International Converence on Computer Vision and Pattern Recognition},
  year = {2005},
  volume = {2},
  pages = {1022-1029}
}

@ARTICLE{Kakadiaris2007,
  author = {I.A. Kakadiaris and G. Passalis and G. Toderici and M.N. Murtuza
	and Y. Lu and N. Karampatziakis and T. Theoharis},
  title = {Three-Dimensional Face Recognition in the Presence of Facial Expressions:
	An Annotated Deformable Model Approach},
  journal = {Pattern Analysis and Machine Intelligence, IEEE Transactions on},
  year = {2007},
  volume = {29},
  pages = {640-649},
  number = {4}
}

@INPROCEEDINGS{Kobbelt1998,
 author = {L. Kobbelt and S. Campagna and J. Vorsatz and H.-P. Seidel},
 title = {Interactive Multi-resolution Modeling on Arbitrary Meshes},
  booktitle = {SIGGRAPH},
  year = {1998},
 pages = {105--114}
}

@ARTICLE{Kolda2009,
author={T. G. Kolda and B. W. Bader},
title={Tensor decompositions and applications},
journal={SIAM Review},
year={2009},
volume={51},
number={3},
pages={455-500}
}

@article{KotcheffTaylor1998,
title = "Automatic construction of eigenshape models by direct optimization ",
author = "A. C.W. Kotcheff and C. J. Taylor",
journal = "Medical Image Analysis ",
volume = "2",
number = "4",
pages = "303 - 314",
year = "1998"
}

@ARTICLE{Kwon2009,
  author = {O. Kwon and K. Jung and H. You and H.-E. Kim},
  title = {Determination of key dimensions for a glove sizing system by analyzing
	the relationships between hand dimensions},
  journal = {Applied Ergonomics},
  year = {2009},
  volume = {40},
  pages = {762 - 766},
  number = {4}
}

@PHDTHESIS{DeLathauwer1997,
  author = {L. De Lathauwer},
  title = {Signal processing based on multilinear algebra},
  school = {K.U. Leuven, Belgium},
  year = {1997}
}

@INPROCEEDINGS{Le2011,
  author = {V. Le and H. Tang and T.~S. Huang},
  title = {Expression recognition from {3D} dynamic faces using robust spatio-temporal
	shape features},
  booktitle = {IEEE International Conference on Automatic Face and Gesture Recognition
	and Workshops},
  year = {2011},
  pages = {414-421}
}

@ARTICLE{Lee1977,
  author = {D.T. Lee and C.K. Wong},
  title = {Worst-case analysis for region and partial region searches in multidimensional
	binary search trees and balanced quad trees},
  journal = {Acta Informatica},
  year = {1977},
  volume = {9},
  pages = {23-29},
  number = {1}
}

@PHDTHESIS{Lee2013,
  author = {W. Lee},
  title = {Development of a Design Methodology of Pilot Oxygen Mask Using {3D}
	Facial Scan Data},
  school = {Pohang University of Science and Technology, Korea},
  year = {2013}
}

@ARTICLE{Li2010,
  author = {H. Li and T. Weise and M. Pauly},
  title = {Example-based facial rigging},
  journal = {ACM Transactions on Graphics (Proc. SIGGRAPH)},
  year = {2010},
  volume = {29},
  pages = {32:1--32:6},
  number = {4}
}

@ARTICLE{Li2013,
  author = {H. Li and J. Yu and Y. Ye and C. Bregler},
  title = {Realtime facial animation with on-the-fly correctives},
  journal = {ACM Transactions on Graphics (Proc. SIGGRAPH)},
  year = {2013},
  volume = {32},
  pages = {42:1--42:10},
  number = {4}
}

@ARTICLE{LiuNocadal1989,
  author = {D.C. Liu and J. Nocedal},
  title = {On the Limited Memory Method for Large Scale Optimization},
  journal = {Mathematical Programming: Series A and B},
  year = {1989},
  volume = {45},
  pages = {503--528},
  number = {3}
}

@ARTICLE{McCulloch1998,
  author = {C. E. McCulloch and B. Paal and S. P. Ashdown},
  title = {An Optimisation Approach to Apparel Sizing},
  journal = {The Journal of the Operational Research Society},
  year = {1998},
  volume = {49},
  pages = {pp. 492-499},
  number = {5}
}

@ARTICLE{Mpiperis2008,
  author = {I. Mpiperis and S. Malassiotis and M. G. Strintzis},
  title = {Bilinear Models for {3-D} Face and Facial Expression Recognition},
  journal = {IEEE Transactions on Information Forensics and Security},
  year = {2008},
  volume = {3},
  pages = {498--511}
}

@ARTICLE{NairCavallaro2009,
  author = {P. Nair and A. Cavallaro},
  title = {3-D face detection, landmark localization, and registration using
	a point distribution model},
  journal = {IEEE Transactions on Multimedia},
  year = {2009},
  volume = {11},
  pages = {611--623},
  number = {4},
  issue_date = {June 2009}
}

@ARTICLE{Neumann2013,
  author = {T. Neumann and K. Varanasi and S. Wenger and M. Wacker and M. Magnor
	and C. Theobalt},
  title = {Sparse Localized Deformation Components},
  journal = {ACM Transactions on Graphics (Proc. SIGGRAPH Asia)},
  year = {2013},
  volume = {32},
  pages = {179:1--179:10},
  number = {6}
}

@ARTICLE{Nielsen2000,
  author = {Frank Nielsen},
  title = {Fast stabbing of boxes in high dimensions},
  journal = {Theoretical Computer Science },
  year = {2000},
  volume = {246},
  pages = {53 - 72},
  number = {1�2}
}

@MISC{OpenCV,
  author = {OpenCV},
  note = {\url{http://opencv.org/}}
}

@ARTICLE{Pan2013,
author={G. Pan and X. Zhang and Y. Wang and Z. Hu and X. Zheng and Z. Wu},
title={Establishing point correspondence of {3D} faces via sparse facial deformable model},
journal={IEEE Transactions on Image Processing},
year={2013},
volume={22},
number={11},
pages={4170-4181}
}


@ARTICLE{Passalis2011,
  author = {G. Passalis and P. Perakis and T. Theoharis and I.A. Kakadiaris},
  title = {Using Facial Symmetry to Handle Pose Variations in Real-World {3D}
	Face Recognition},
  journal = {IEEE Transactions on Pattern Analysis and Machine Intelligence},
  year = {2011},
  volume = {33},
  pages = {1938-1951},
  number = {10}
}

@INPROCEEDINGS{PatelSmith2011,
  author = {Patel, A. and Smith, W.A.P.},
  title = {Simplification of {3D} morphable models},
  booktitle = {IEEE International Conference on Computer Vision},
  year = {2011},
  pages = {271-278}
}

@INPROCEEDINGS{PatelSmith2009,
  author = {A. Patel and W.A. Smith},
  title = {{3D} Morphable Face Models Revisited},
  booktitle = {IEEE International Conference on Computer Vision and Pattern Recognition},
  year = {2009},
  pages = {1327--1334}
}

@BOOK{RabinerJuang1993,
  title = {Fundamentals of Speech Recognition},
  publisher = {Prentice-Hall, Inc.},
  year = {1993},
  author = {L. Rabiner and B.-H. Juang},
  address = {Upper Saddle River, NJ, USA}
}

@ARTICLE{Salazar2013,
  author = {A. Salazar and S. Wuhrer and C. Shu and F. Prieto},
  title = {Fully Automatic Expression-Invariant Face Correspondence},
  journal = {Machine Vision and Applications},
  year = {2013},
  pages = {1-21}
}

@INPROCEEDINGS{Sandbach2011,
  author = {G. Sandbach and S. Zafeiriou and M. Pantic and D. Rueckert},
  title = {A dynamic approach to the recognition of {3D} facial expressions
	and their temporal models},
  booktitle = {IEEE International Conference on Automatic Face and Gesture Recognition
	and Workshops},
  year = {2011},
  pages = {406-413}
}

@ARTICLE{Sandbach2012,
  author = {G. Sandbach and S. Zafeiriou and M. Pantic and L. Yin},
  title = {Static and dynamic {3D} facial expression recognition: A comprehensive
	survey},
  journal = {Image and Vision Computing},
  year = {2012},
  volume = {30},
  pages = {683�-697}
}

@INPROCEEDINGS{Bosphorus_2008,
  author = {A. Savran and N. Alyuz and H. Dibeklioglu and O. Celiktutan and B.
	G\"{o}kberk and B. Sankur and L. Akarun},
  title = {Bosphorus database for {3D} face analysis},
  booktitle = {Biometrics and Identity Management},
  year = {2008},
  pages = {47--56}
}

@INPROCEEDINGS{Scherbaum2011,
  author = {K. Scherbaum and T. Ritschel and M. Hullin and T. Thorm\"{a}hlen
	and V. Blanz and H.-P. Seidel},
  title = {Computer-Suggested Facial Makeup},
  booktitle = {Eurographics},
  year = {2011}
}

@ARTICLE{Seol2012,
  author = {Y. Seol and J.~P. Lewis and J. Seo and B. Choi and K. Anjyo and J.
	Noh},
  title = {Spacetime expression cloning for blendshapes},
  journal = {ACM Transactions on Graphics (Proc. SIGGRAPH)},
  year = {2012},
  volume = {31},
  pages = {14:1--14:12},
  number = {2}
}

@ARTICLE{Styner2003,
  author = {M.A. Styner and K.T. Rajamani and L.P. Nolte and G. Zsemlye and G.
	Sz�kely and C.J. Taylor and R.H. Davies},
  title = {Evaluation of {3D} correspondence methods for model building.},
  journal = {Information Processing in Medical Imaging},
  year = {2003},
  volume = {18},
  pages = {63-75}
}

@ARTICLE{Tam2013,
  author = {G.K.L. Tam and Z.-Q. Cheng and Y.-K. Lai and F.C. Langbein and Y.
	Liu and D. Marshall and R.R. Martin and X.-F. Sun and P.L. Rosin},
  title = {Registration of {3D} point clouds and meshes: A survey from rigid
	to Nonrigid},
  journal = {IEEE Transactions on Visualization and Computer Graphics},
  year = {2013},
  volume = {19},
  pages = {1199-1217},
  number = {7}
}

@ARTICLE{Valgaerts2012,
  author = {L. Valgaerts and C. Wu and A. Bruhn and H.-P. Seidel and C. Theobalt
	},
  title = {Lightweight Binocular Facial Performance Capture under Uncontrolled
	Lighting},
  journal = {ACM Transactions on Graphics (Proc. SIGGRAPH Asia)},
  year = {2012},
  volume = {31},
  pages = {187:1--187:11},
  number = {6}
}

@INPROCEEDINGS{VasilescuTerzopoulos2002,
  author = {M.~A.~O. Vasilescu and D. Terzopoulos},
  title = {Multilinear Analysis of Image Ensembles: TensorFaces},
  booktitle = {7th European Conference on Computer Vision-Part I },
  year = {2002},
  pages = {447--460}
}

@ARTICLE{Vidimce2013,
  author = {K. Vidim\v{c}e and S. Wang and J. Ragan-Kelley and W. Matusik},
  title = {OpenFab: A Programmable Pipeline for Multi-material Fabrication},
  journal = {ACM Transactions on Graphics (Proc. SIGGRAPH)},
  year = {2013},
  volume = {32},
  pages = {136:1--136:12},
  number = {4}
}

@ARTICLE{Vlasic2005,
  author = {D. Vlasic and M. Brand and H. Pfister and J. Popovi\'{c}},
  title = {Face transfer with multilinear models},
  journal = {ACM Transactions on Graphics (Proc. SIGGRAPH)},
  year = {2005},
  volume = {24},
  pages = {426--433},
  number = {3}
}

@INPROCEEDINGS{Wang2013,
  author = {Z. Wang and M. Grochulla and T. Thorm�hlen and H.-P. Seidel},
  title = {{3D} Face Template Registration Using Normal Maps},
  booktitle = {{3D} Vision},
  year = {2013}
}

@ARTICLE{Weise2011,
  author = {T. Weise and S. Bouaziz and H. Li and M. Pauly},
  title = {Realtime performance-based facial animation},
  journal = {ACM Transactions on Graphics (Proc. SIGGRAPH)},
  year = {2011},
  volume = {30},
  pages = {77:1--77:10},
  number = {4}
}

@INPROCEEDINGS{Wu2013,
  author = {Y. Wu and Z. Wang and Q. Ji},
  title = {Facial Feature Tracking under Varying Facial Expressions and Face
	Poses based on Restricted Boltzmann Machines},
  booktitle = {IEEE International Conference on Computer Vision and Pattern Recognition},
  year = {2013}
}

@ARTICLE{Wuhrer2012,
  author = {S. Wuhrer and C. Shu and P. Bose},
  title = {Automatically Creating Design Models from {3D} Anthropometry Data},
  journal = {Journal of Computing and Information Science in Engineering},
  year = {2012},
  volume = {12},
  number = {4}
}

@ARTICLE{Wuhrer2013,
  author = {S. Wuhrer and C. Shu and P. Bose},
  title = {Automatically Creating Design Models From {3D} Anthropometry Data},
  journal = {Journal of Computing and Information Science in Engineering},
  year = {2012},
  volume = {12},
  pages = {1-7},
  number = {4}
}

@INPROCEEDINGS{Yang2012,
  author = {F. Yang and L. Bourdev and J. Wang and E. Shechtman and D. Metaxas},
  title = {Facial Expression Editing in Video Using a Temporally-Smooth Factorization},
  booktitle = {IEEE International Conference on Computer Vision and Pattern Recognition},
  year = {2012},
  pages = {861-868}
}

@ARTICLE{Yang2011,
  author = {F. Yang and J. Wang and E. Shechtman and L. Bourdev and D. Metaxas},
  title = {Expression flow for {3D}-aware face component transfer},
  journal = {ACM Transactions on Graphics (Proc. SIGGRAPH)},
  year = {2011},
  volume = {30},
  pages = {60:1--10},
  number = {4}
}

@INBOOK{Yedidia2003,
  chapter = {Understanding Belief Propagation and its Generalizations},
  pages = {239--269},
  title = {Exploring Artificial Intelligence in the New Millennium},
  publisher = {Morgan Kaufmann Publishers Inc.},
  year = {2003},
  author = {J. S. Yedidia and W. T. Freeman and Y. Weiss}
}

@INPROCEEDINGS{BU-4DFE_2008,
  author = {L. Yin and X. Chen and Y. Sun and T. Worm and M. Reale},
  title = {A high-resolution {3D} dynamic facial expression database},
  booktitle = {IEEE International Conference on Automatic Face and Gesture Recognition},
  year = {2008},
  pages = {1-6}
}

@INPROCEEDINGS{BU-3DFE_2006,
  author = {L. Yin and X. Wei and Y. Sun and J. Wang and M.~J. Rosato},
  title = {A {3D} Facial Expression Database for Facial Behavior Research},
  booktitle = {IEEE International Conference on Automatic Face and Gesture Recognition},
  year = {2006},
  pages = {211--216}
}

@ARTICLE{Yu2013,
  author = {A. Yu and K.L. Yick and S.P. Ng and J. Yip},
  title = {{2D} and {3D} anatomical analyses of hand dimensions for custom-made
	gloves},
  journal = {Applied Ergonomics},
  year = {2013},
  volume = {44},
  pages = {381 - 392},
  number = {3}
}

@ARTICLE{ZhangWei2012,
  author = {Y. Zhang and W. Wei},
  title = {A realistic dynamic facial expression transfer method},
  journal = {Neurocomputing},
  year = {2012},
  volume = {89},
  pages = {21--29}
}

@INBOOK{Zhuang2009,
  chapter = {Facial Shape Variation of U.S. Respirator Users},
  pages = {578-587},
  title = {Digital Human Modeling},
  publisher = {Springer Berlin Heidelberg},
  year = {2009},
  author = {Z. Zhuang and D. Slice and S. Benson and D. Landsittel and D. Viscusi}
}

@INBOOK{Godil2009,
  chapter = {Facial Shape Analysis and Sizing System},
  pages = {29-35},
  title = {Digital Human Modeling},
  publisher = {Springer Berlin Heidelberg},
  year = {2009},
  author = {A. Godil}
}

@ARTICLE{Han2004,
author={D.-H. Han and J. Rhi and J. Lee},
title={Development of prototypes of half-mask facepieces for {Koreans} using the {3D} digitizing design method: A pilot study},
journal={Annals of Occupational Hygiene},
year={2004},
volume={48},
number={8},
pages={707-714}
}


@ARTICLE{Lee_Body_2013,
author={W. Lee and K. Jung and J. Jeong and J. Park and J. Cho and H. Kim and S. Park and H. You},
title={An anthropometric analysis of Korean male helicopter pilots for helicopter cockpit design},
journal={Ergonomics},
year={2013},
volume={56},
number={5},
pages={879-887}
}

@ARTICLE{Luximon2010,
author={Y. Luximon and R. Ball and L. Justice},
title={The {Chinese} face: A {3D} anthropometric analysis},
journal={International Symposium on Tools and Methods of Competitive Engineering},
year={2010},
volume={1},
pages={255-265},
}

@book{DrydenMardia1998,
  author = {Dryden, {Ian L.} and Mardia, {Kanti V.}},
  publisher = {Wiley},
  title = {Statistical shape analysis},
  year = 1998
}

@INPROCEEDINGS{D3DFACS_2011,
author={D. Cosker and E. Krumhuber and A. Hilton},
title={A {FACS} valid {3D} dynamic action unit database with applications to {3D} dynamic morphable facial modeling},
booktitle={IEEE International Conference on Computer Vision},
year={2011},
pages={2296-2303}
}

@article{ICT-3DRFE_2011,
	title = {Exploring the effect of illumination on automatic expression recognition using the {ICT-3DRFE} database},
	journal = {Image and Vision Computing},
	author = {T. Stratou and A. Ghosh and P. Debevec and L.-P. Morency},
	year = {2011}
}

@comment{jabref-meta: groupsversion:3;}

@comment{jabref-meta: groupstree:
0 AllEntriesGroup:;
1 ExplicitGroup:Statistical Models\;0\;;
}

